% conference
@inproceedings{AAI34-icse,
    title = {{APPROACH: Some fancy title for a conference paper}},
    author = {John Smith AND Another Second Author AND Principal Investigator},
    booktitle = {International Conference on Software Engineering},
    year = 2016,
}

% journal
@inproceedings{DE23-emse,
    title = {{This is supposed to represent a journal article}},
    author = {John Doe AND Someone Else},
    booktitle = {Empirical Software Engineering},
    year = 2016,
}

% book
@incollection{ABC12-abc,
    title = {{How to Write A Software Engineering Paper}},
    author = {Me Myself AND You Yourself AND The Other Person},
    booktitle = {Amazing Software Engineering},
    publisher = Springer,
    year = 2015,
}

% web
@misc{Pue08,
    title = {{Small Guide to Making Nice Tables}},
    author = {Markus PÃ¼schel},
    howpublished = "\url{https://people.inf.ethz.ch/markusp/teaching/guides/guide-tables.pdf}",
    year = {2008}, 
    note = "accessed 10-Nov-2023"
}
